%YAML 1.1
%TAG !u! tag:unity3d.com,2011:
--- !u!1001 &100100000
Prefab:
  m_ObjectHideFlags: 1
  serializedVersion: 2
  m_Modification:
    m_TransformParent: {fileID: 0}
    m_Modifications: []
    m_RemovedComponents: []
  m_SourcePrefab: {fileID: 0}
  m_RootGameObject: {fileID: 1210256574578760}
  m_IsPrefabAsset: 1
--- !u!1 &1210256574578760
GameObject:
  m_ObjectHideFlags: 0
  m_CorrespondingSourceObject: {fileID: 0}
  m_PrefabInternal: {fileID: 100100000}
  serializedVersion: 6
  m_Component:
  - component: {fileID: 4723751571526738}
  - component: {fileID: 20196129002799304}
  - component: {fileID: 114649492457988170}
  - component: {fileID: 114895010090667926}
  - component: {fileID: 114366944308751554}
  - component: {fileID: 114890982306319934}
  - component: {fileID: 114130378580518470}
  m_Layer: 5
  m_Name: Camera[Both]
  m_TagString: MainCamera
  m_Icon: {fileID: 0}
  m_NavMeshLayer: 0
  m_StaticEditorFlags: 0
  m_IsActive: 1
--- !u!4 &4723751571526738
Transform:
  m_ObjectHideFlags: 1
  m_CorrespondingSourceObject: {fileID: 0}
  m_PrefabInternal: {fileID: 100100000}
  m_GameObject: {fileID: 1210256574578760}
  m_LocalRotation: {x: -0, y: 0.7678964, z: -0, w: -0.64057404}
  m_LocalPosition: {x: 29.050756, y: 0.4159999, z: 1.9378779}
  m_LocalScale: {x: 0.25343, y: 0.25343, z: 0.25343}
  m_Children: []
  m_Father: {fileID: 0}
  m_RootOrder: 0
  m_LocalEulerAnglesHint: {x: 0, y: 259.669, z: 0}
--- !u!20 &20196129002799304
Camera:
  m_ObjectHideFlags: 1
  m_CorrespondingSourceObject: {fileID: 0}
  m_PrefabInternal: {fileID: 100100000}
  m_GameObject: {fileID: 1210256574578760}
  m_Enabled: 1
  serializedVersion: 2
  m_ClearFlags: 1
  m_BackGroundColor: {r: 0.19215687, g: 0.3019608, b: 0.4745098, a: 0}
  m_projectionMatrixMode: 1
  m_SensorSize: {x: 36, y: 24}
  m_LensShift: {x: 0, y: 0}
  m_FocalLength: 50
  m_NormalizedViewPortRect:
    serializedVersion: 2
    x: 0
    y: 0
    width: 1
    height: 1
  near clip plane: 0.3
  far clip plane: 50000
  field of view: 60
  orthographic: 0
  orthographic size: 5
  m_Depth: 0
  m_CullingMask:
    serializedVersion: 2
    m_Bits: 4294967295
  m_RenderingPath: -1
  m_TargetTexture: {fileID: 0}
  m_TargetDisplay: 0
  m_TargetEye: 0
  m_HDR: 1
  m_AllowMSAA: 1
  m_AllowDynamicResolution: 0
  m_ForceIntoRT: 0
  m_OcclusionCulling: 1
  m_StereoConvergence: 10
  m_StereoSeparation: 0.022
--- !u!114 &114130378580518470
MonoBehaviour:
  m_ObjectHideFlags: 1
  m_CorrespondingSourceObject: {fileID: 0}
  m_PrefabInternal: {fileID: 100100000}
  m_GameObject: {fileID: 1210256574578760}
  m_Enabled: 1
  m_EditorHideFlags: 0
  m_Script: {fileID: 372142912, guid: dc443db3e92b4983b9738c1131f555cb, type: 3}
  m_Name: 
  m_EditorClassIdentifier: 
  m_SceneId:
    m_Value: 0
  m_AssetId:
    i0: 251
    i1: 15
    i2: 55
    i3: 118
    i4: 200
    i5: 247
    i6: 97
    i7: 68
    i8: 235
    i9: 2
    i10: 57
    i11: 172
    i12: 36
    i13: 173
    i14: 184
    i15: 246
  m_ServerOnly: 0
  m_LocalPlayerAuthority: 0
--- !u!114 &114366944308751554
MonoBehaviour:
  m_ObjectHideFlags: 1
  m_CorrespondingSourceObject: {fileID: 0}
  m_PrefabInternal: {fileID: 100100000}
  m_GameObject: {fileID: 1210256574578760}
  m_Enabled: 1
  m_EditorHideFlags: 0
  m_Script: {fileID: 11500000, guid: 26f0712b92846df439b5ecd614d91bd1, type: 3}
  m_Name: 
  m_EditorClassIdentifier: 
--- !u!114 &114649492457988170
MonoBehaviour:
  m_ObjectHideFlags: 1
  m_CorrespondingSourceObject: {fileID: 0}
  m_PrefabInternal: {fileID: 100100000}
  m_GameObject: {fileID: 1210256574578760}
  m_Enabled: 1
  m_EditorHideFlags: 0
  m_Script: {fileID: 11500000, guid: 5d8c8cc40e988404fa09d7f579b19e0f, type: 3}
  m_Name: 
  m_EditorClassIdentifier: 
  Speed: 3.5
  ZoomAmount: 0
  MaxToClamp: 10
  ROTSpeed: 10
--- !u!114 &114890982306319934
MonoBehaviour:
  m_ObjectHideFlags: 1
  m_CorrespondingSourceObject: {fileID: 0}
  m_PrefabInternal: {fileID: 100100000}
  m_GameObject: {fileID: 1210256574578760}
  m_Enabled: 1
  m_EditorHideFlags: 0
  m_Script: {fileID: 11500000, guid: 7740f4134ad082b4dbb90d2e5ef4c015, type: 3}
  m_Name: 
  m_EditorClassIdentifier: 
  AssetLoader: {fileID: 0}
--- !u!114 &114895010090667926
MonoBehaviour:
  m_ObjectHideFlags: 1
  m_CorrespondingSourceObject: {fileID: 0}
  m_PrefabInternal: {fileID: 100100000}
  m_GameObject: {fileID: 1210256574578760}
  m_Enabled: 1
  m_EditorHideFlags: 0
  m_Script: {fileID: 11500000, guid: 1c0ad0e8e55c95c4e931911c4b943a64, type: 3}
  m_Name: 
  m_EditorClassIdentifier: 
  space: 0
  type: 0
  pivot: 0
  centerType: 0
  scaleType: 0
  SetMoveType: 119
  SetRotateType: 101
  SetScaleType: 114
  SetSpaceToggle: 120
  SetPivotModeToggle: 122
  SetCenterTypeToggle: 99
  SetScaleTypeToggle: 115
  AddSelection: 304
  RemoveSelection: 306
  ActionKey: 304
  UndoAction: 122
  RedoAction: 121
  xColor: {r: 1, g: 0, b: 0, a: 0.8}
  yColor: {r: 0, g: 1, b: 0, a: 0.8}
  zColor: {r: 0, g: 0, b: 1, a: 0.8}
  allColor: {r: 0.7, g: 0.7, b: 0.7, a: 0.8}
  selectedColor: {r: 1, g: 1, b: 0, a: 0.8}
  hoverColor: {r: 1, g: 0.75, b: 0, a: 0.8}
  handleLength: 0.25
  handleWidth: 0.003
  triangleSize: 0.03
  boxSize: 0.03
  circleDetail: 40
  minSelectedDistanceCheck: 0.04
  moveSpeedMultiplier: 1
  scaleSpeedMultiplier: 1
  rotateSpeedMultiplier: 200
  allRotateSpeedMultiplier: 20
  useFirstSelectedAsMain: 1
  PopUp: {fileID: 0}
  jtext: {fileID: 0}
  WarringGameObjectPopup: {fileID: 0}
  AlertGameObjectPopup: {fileID: 0}
  Warringtxt: {fileID: 0}
  Alerttxt: {fileID: 0}
  forceUpdatePivotPointOnChange: 1
  maxUndoStored: 100
